
@INPROCEEDINGS{Ref1,
  author={Gopalakrishnan, P. and Gupta, Sidhant and Krishnan, Rahul and Patel, Dhruv and Dhivvya, J.P. and Anand, Sruthy and Raj, Dhanesh},
  booktitle={2020 11th International Conference on Computing, Communication and Networking Technologies (ICCCNT)}, 
  title={Routing protocol Analysis for Heterogeneous Nodes in a Dynamic and Sparse Environment}, 
  year={2020},
  volume={},
  number={},
  pages={1-7},
  doi={10.1109/ICCCNT49239.2020.9225354}}
@INPROCEEDINGS{Ref2,
  author={S, Sree Lekshmi and Raj, Dhanesh and Ponnekanti, Seshaiah},
  booktitle={2019 International Conference on Wireless Communications Signal Processing and Networking (WiSPNET)}, 
  title={Connectivity Platform to Deliver Sync as a Service for 5G Digital Enterprise}, 
  year={2019},
  volume={},
  number={},
  pages={530-533},
  doi={10.1109/WiSPNET45539.2019.9032866}}